% Encoding: UTF-8

@inproceedings{kajiya1986rendering,
  title={The rendering equation},
  author={Kajiya, James T},
  booktitle={Proceedings of the 13th annual conference on Computer graphics and interactive techniques},
  pages={143--150},
  year={1986}
}

@article{lafortune1993bi,
  title={Bi-directional path tracing},
  author={Lafortune, Eric P and Willems, Yves D},
  year={1993}
}

@inproceedings{veach1997metropolis,
  title={Metropolis light transport},
  author={Veach, Eric and Guibas, Leonidas J},
  booktitle={Proceedings of the 24th annual conference on Computer graphics and interactive techniques},
  pages={65--76},
  year={1997}
}

@inproceedings{veach1995optimally,
  title={Optimally combining sampling techniques for Monte Carlo rendering},
  author={Veach, Eric and Guibas, Leonidas J},
  booktitle={Proceedings of the 22nd annual conference on Computer graphics and interactive techniques},
  pages={419--428},
  year={1995}
}

@book{kalos2009monte,
  title={Monte carlo methods},
  author={Kalos, Malvin H and Whitlock, Paula A},
  year={2009},
  publisher={John Wiley \& Sons}
}


@book{jarosz2008efficient,
  title={Efficient Monte Carlo methods for light transport in scattering media},
  author={Jarosz, Wojciech},
  year={2008},
  publisher={Citeseer}
}

@article{lafortune1996mathematical,
  title={Mathematical models and Monte Carlo algorithms for physically based rendering},
  author={Lafortune, Eric},
  journal={Department of Computer Science, Faculty of Engineering, Katholieke Universiteit Leuven},
  volume={20},
  pages={74--79},
  year={1996}
}

@article{robinet2014gltf,
  title={\texttt{glTF}: Designing an open-standard runtime asset format},
  author={Robinet, Fabrice and Arnaud, R{\'e}mi and Parisi, Tony and Cozzi, Patrick},
  journal={GPU Pro},
  volume={5},
  pages={375--392},
  year={2014}
}

@misc{rfc8259,
  series =	{Request for Comments},
  number =	8259,
  howpublished =	{RFC 8259},
  publisher =	{RFC Editor},
  doi =		{10.17487/RFC8259},
  url =		{https://rfc-editor.org/rfc/rfc8259.txt},
  author =	{Tim Bray},
  title =		{{The JavaScript Object Notation (JSON) Data Interchange Format}},
  pagetotal =	16,
  year =		2017,
  month =		dec,
  abstract =	{JavaScript Object Notation (JSON) is a lightweight, text-based, language-independent data interchange format. It was derived from the ECMAScript Programming Language Standard. JSON defines a small set of formatting rules for the portable representation of structured data. This document removes inconsistencies with other specifications of JSON, repairs specification errors, and offers experience-based interoperability guidance.},
}


@misc{smallpt,
  title = {smallpt: Global Illumination in 99 lines of C++},
  author = {Beason, Kevin},
  url = {https://web.archive.org/web/20200512225126/http://www.kevinbeason.com/smallpt/},
  note = {Captured:  May 12, 2020},
  year = {2007}
}

@techreport{handrews-json-schema-02,
	number =	{draft-handrews-json-schema-02},
	type =		{Internet-Draft},
	institution =	{Internet Engineering Task Force},
	publisher =	{Internet Engineering Task Force},
	note =		{Work in Progress},
	url =		{https://datatracker.ietf.org/doc/html/draft-handrews-json-schema-02},
        author =	{Austin Wright and Henry Andrews and Ben Hutton and Greg Dennis},
	title =		{{JSON Schema: A Media Type for Describing JSON Documents}},
	pagetotal =	75,
	year =		2019,
	month =		sep,
	day =		17,
	abstract =	{JSON Schema defines the media type "application/schema+json", a JSON- based format for describing the structure of JSON data. JSON Schema asserts what a JSON document must look like, ways to extract information from it, and how to interact with it. The "application/ schema-instance+json" media type provides additional feature-rich integration with "application/schema+json" beyond what can be offered for "application/json" documents.},
}

@book{pharr2016physically,
  title={Physically based rendering: From theory to implementation},
  author={Pharr, Matt and Jakob, Wenzel and Humphreys, Greg},
  year={2016},
  publisher={Morgan Kaufmann}
}

@inproceedings{gribble2012ray,
  title={Ray tracing visualization toolkit},
  author={Gribble, Christiaan and Fisher, Jeremy and Eby, Daniel and Quigley, Ed and Ludwig, Gideon},
  booktitle={Proceedings of the ACM SIGGRAPH Symposium on Interactive 3D Graphics and Games},
  pages={71--78},
  year={2012}
}

@inproceedings{simons2019applying,
  title={Applying visual analytics to physically based rendering},
  author={Simons, Gerard and Herholz, Sebastian and Petitjean, Victor and Rapp, Tobias and Ament, Marco and Lensch, Hendrick and Dachsbacher, Carsten and Eisemann, Martin and Eisemann, Elmar},
  booktitle={Computer Graphics Forum},
  volume={38},
  number={1},
  pages={197--208},
  year={2019},
  organization={Wiley Online Library}
}

@misc{bitterliscenes,
   Author = {Benedikt Bitterli},
   Year = {2016},
   url = {https://benedikt-bitterli.me/resources/},
   Title = {Rendering resources}
} 

@article{pellacini2019yocto,
  title={Yocto/GL: A Data-Oriented Library For Physically-Based Graphics},
  author={Pellacini, Fabio and Nazzaro, Giacomo and Carra, Edoardo},
  year={2019},
  publisher={The Eurographics Association}
}

@article{moller1997fast,
  title={Fast, minimum storage ray-triangle intersection},
  author={M{\"o}ller, Tomas and Trumbore, Ben},
  journal={Journal of graphics tools},
  volume={2},
  number={1},
  pages={21--28},
  year={1997},
  publisher={Taylor \& Francis}
}

@book{lambert1760photometria,
  title={Photometria sive de mensura et gradibus luminis, colorum et umbrae},
  author={Lambert, Johann Heinrich},
  year={1760},
  publisher={Klett}
}

@book{vtk2006,
  title={The Visualization Toolkit (4th ed.)},
  author={Schroeder, Will and Martin, Ken and Lorensen, Bill},
  year={2006},
  publisher={Kitware},
  isbn={978-1-930934-19-1}
}

@article{lesev2014framework,
  title={A framework for visual dynamic analysis of ray tracing algorithms},
  author={Lesev, Hristo and Penev, Alexander},
  journal={Cybernetics and Information Technologies},
  volume={14},
  number={2},
  pages={38--49},
  year={2014},
  publisher={Sciendo}
}

@inproceedings{whitted1979improved,
  title={An improved illumination model for shaded display},
  author={Whitted, Turner},
  booktitle={Proceedings of the 6th annual conference on Computer graphics and interactive techniques},
  pages={14},
  year={1979}
}

@inproceedings{cook1984distributed,
  title={Distributed ray tracing},
  author={Cook, Robert L and Porter, Thomas and Carpenter, Loren},
  booktitle={Proceedings of the 11th annual conference on Computer graphics and interactive techniques},
  pages={137--145},
  year={1984}
}

@mastersthesis{EMCA@2019,
   Author = {Christoph Kreisl},
   Year = {2019},
   url = {https://github.com/ckreisl/emca},
   Title = {EMCA - Explorer of Monte-Carlo based Algorithms}
}

@article{bentley1975multidimensional,
  title={Multidimensional binary search trees used for associative searching},
  author={Bentley, Jon Louis},
  journal={Communications of the ACM},
  volume={18},
  number={9},
  pages={509--517},
  year={1975},
  publisher={ACM New York, NY, USA}
}


@Comment{jabref-meta: databaseType:biblatex;}
